@article{coward1995structural,
  title={Structural and tectonic setting of the Permo-Triassic basins of northwest Europe},
  author={Coward, MP},
  journal={Geological Society, London, Special Publications},
  volume={91},
  number={1},
  pages={7--39},
  year={1995},
  publisher={Geological Society of London}
}

@book{ruas2016numerical,
	title={Numerical methods for partial differential equations: An introduction},
	author={Ruas, Vitoriano},
	year={2016},
	publisher={John Wiley \& Sons}
}


@book{robinson2000geophysical,
	title={Geophysical signal analysis},
	author={Robinson, Enders A and Treitel, Sven},
	year={2000},
	publisher={Society of Exploration Geophysicists}
}

@book{telford1990applied,
	title={Applied geophysics},
	author={Telford, William Murray and Telford, WM and Geldart, LP and Sheriff, Robert E and Sheriff, Robert E},
	year={1990},
	publisher={Cambridge university press}
}

@book{reynolds2011introduction,
	title={An introduction to applied and environmental geophysics},
	author={Reynolds, John M},
	year={2011},
	publisher={John Wiley \& Sons}
}

@article{ruffell1995seismic,
	title={Seismic stratigraphic analysis of non-marine Lower Cretaceous strata in the Wessex and North Celtic Sea Basins},
	author={Ruffell, Alastair H},
	journal={Cretaceous Research},
	volume={16},
	number={6},
	pages={603--637},
	year={1995},
	publisher={Elsevier}
}

@article{stolt1978migration,
	title={Migration by Fourier transform},
	author={Stolt, Robert H},
	journal={Geophysics},
	volume={43},
	number={1},
	pages={23--48},
	year={1978},
	publisher={Society of Exploration Geophysicists}
}

@book{sperling2005introduction,
	title={Introduction to physical polymer science},
	author={Sperling, Leslie H},
	year={2005},
	publisher={John Wiley \& Sons}
}

@online{NOAA,
	author = {NOAA},
	title = {Bathymetric Data Viewer},
	year = 2020,
	url = {https://maps.ngdc.noaa.gov/viewers/bathymetry/},
	urldate = {2020-05-18}
}

@article{sanchez2019propagation,
	title={Propagation of Elastic Waves: Fundamentals},
	author={S{\'a}nchez-Sesma, Francisco J and Iturrar{\'a}n-Viveros, Ursula},
	journal={Encyclopedia of Solid Earth Geophysics},
	pages={1--9},
	year={2019},
	publisher={Springer}
}

@article{achenbach1973applied,
	title={Applied mathematics and mechanics},
	author={Achenbach, JD and Lauwerier, HA and Koiter, WT},
	journal={Wave Propagation in Elastic Solids},
	year={1973}
}

@book{pujol2003elastic,
	title={Elastic wave propagation and generation in seismology},
	author={Pujol, Jose},
	year={2003},
	publisher={Cambridge University Press}
}

@article{bishop1985tomographic,
	title={Tomographic determination of velocity and depth in laterally varying media},
	author={Bishop, TN and Bube, KP and Cutler, RT and Langan, RT and Love, PL and Resnick, JR and Shuey, RT and Spindler, DA and Wyld, HW},
	journal={Geophysics},
	volume={50},
	number={6},
	pages={903--923},
	year={1985},
	publisher={Society of Exploration Geophysicists}
}

@article{wiener1930generalized,
  title={Generalized harmonic analysis},
  author={Wiener, Norbert and others},
  journal={Acta mathematica},
  volume={55},
  pages={117--258},
  year={1930},
  publisher={Institut Mittag-Leffler}
}

@book{jaeger2009fundamentals,
  title={Fundamentals of rock mechanics},
  author={Jaeger, John Conrad and Cook, Neville GW and Zimmerman, Robert},
  year={2009},
  publisher={John Wiley \& Sons}
}

@book{dowling2012mechanical,
	title={Mechanical behavior of materials: engineering methods for deformation, fracture, and fatigue},
	author={Dowling, Norman E},
	year={2012},
	publisher={Pearson}
}

@article{carcione2007wave,
	title={Wave fields in real media: Wave propagation in anisotropic, anelastic and porous media: Handbook of geophysical exploration, seismic exploration},
	author={Carcione, JM},
	journal={Handbook of Geophysical Exploration: Seismic Exploration},
	volume={38},
	year={2007}
}

@article{dix1955seismic,
  title={Seismic velocities from surface measurements},
  author={Dix, C Hewitt},
  journal={Geophysics},
  volume={20},
  number={1},
  pages={68--86},
  year={1955},
  publisher={Society of Exploration Geophysicists}
}

@article{king1954geological,
	title={The geological history of the English Channel},
	author={King, William Bernard Robinson},
	journal={Quarterly Journal of the Geological Society},
	volume={110},
	number={1-4},
	pages={77--101},
	year={1954},
	publisher={Geological Society of London}
}

@book{mavko2020rock,
	title={The rock physics handbook},
	author={Mavko, Gary and Mukerji, Tapan and Dvorkin, Jack},
	year={2020},
	publisher={Cambridge university press}
}

@article{dangeard1923quelques,
	title={Quelques observations sur la nature g{\'e}ologique et l'origine des" surfaces pierreuses" de la Manche},
	author={Dangeard, Louis},
	journal={BULLETIN DE LA SOCIETE GEOLOGIQUE ET MINERALOGIQUE DE BRETAGNE},
	volume={4},
	pages={44--46},
	year={1923}
}

@book{oppenheim1999discrete,
  title={Discrete-time signal processing},
  author={Oppenheim, Alan V},
  year={1999},
  publisher={Pearson Education India}
}

@article{kolsky1964stress,
  title={Stress waves in solids},
  author={Kolsky, Herbert},
  journal={Journal of sound and Vibration},
  volume={1},
  number={1},
  pages={88--110},
  year={1964},
  publisher={Elsevier}
}

@article{ramos2019frequency,
  title={Frequency Domain Q Analysis and Stabilized Inverse Q Filtering: Blake Ridge data application},
  author={Ramos, Edmarley Costa and da Costa, Felipe Tim{\'o}teo and Santos, Marco Antonio Cetale and Santos12, Luiz Alberto and others},
  year={2019}
}

@article{smith1975structure,
  title={The structure and geological evolution of the English Channel},
  author={Smith, AJ and Curry, D},
  journal={Philosophical Transactions of the Royal Society of London. Series A, Mathematical and Physical Sciences},
  volume={279},
  number={1288},
  pages={3--20},
  year={1975},
  publisher={The Royal Society London}
}

@article{glen2005basin,
  title={Basin inversion by distributed deformation: the southern margin of the Bristol Channel Basin, England},
  author={Glen, RA and Hancock, PL and Whittaker, A},
  journal={Journal of Structural Geology},
  volume={27},
  number={12},
  pages={2113--2134},
  year={2005},
  publisher={Elsevier}
}

@incollection{hamilton1979geology,
  title={The geology of the English Channel, South Celtic Sea and continental margin, south western approaches},
  author={Hamilton, D},
  booktitle={Elsevier Oceanography Series},
  volume={24},
  pages={61--87},
  year={1979},
  publisher={Elsevier}
}

@article{ruffell1995geometry,
  title={Geometry and tectonic evolution of megasequences in the Plymouth Bay Basin, English Channel},
  author={Ruffell, A and Coward, MP and Harvey, M},
  journal={Geological Society, London, Special Publications},
  volume={91},
  number={1},
  pages={193--214},
  year={1995},
  publisher={Geological Society of London}
}

@article{dyment1990deep,
  title={Deep structure of the Celtic Sea: a discussion on the formation of basins},
  author={Dyment, Jerome and Sibuet, Jean-Claude and Pinet, Bertrand},
  journal={Tectonophysics},
  volume={173},
  number={1-4},
  pages={435--444},
  year={1990},
  publisher={Elsevier}
}

@article{smith1985catastrophic,
  title={A catastrophic origin for the palaeovalley system of the eastern English Channel},
  author={Smith, Alec J},
  journal={Marine Geology},
  volume={64},
  number={1-2},
  pages={65--75},
  year={1985},
  publisher={Elsevier}
}

@article{lagarde2003structural,
  title={The structural evolution of the English Channel area},
  author={Lagarde, JL and Amorese, D and Font, Marianne and Laville, E and Dugu{\'e}, Olivier},
  journal={Journal of Quaternary Science: Published for the Quaternary Research Association},
  volume={18},
  number={3-4},
  pages={201--213},
  year={2003},
  publisher={Wiley Online Library}
}

@book{christensen2012theory,
  title={Theory of viscoelasticity: an introduction},
  author={Christensen, Richard},
  year={2012},
  publisher={Elsevier}
}

@book{liner2012elements,
  title={Elements of seismic dispersion: A somewhat practical guide to frequency-dependent phenomena},
  author={Liner, Christopher L},
  number={15},
  year={2012},
  publisher={SEG Books}
}

@article{white1992accuracy,
  title={The accuracy of estimating Q from seismic data},
  author={White, RE},
  journal={Geophysics},
  volume={57},
  number={11},
  pages={1508--1511},
  year={1992},
  publisher={Society of Exploration Geophysicists}
}

@article{li2015q,
  title={Q estimation from reflection seismic data for hydrocarbon detection using a modified frequency shift method},
  author={Li, Fangyu and Zhou, Huailai and Jiang, Nan and Bi, Jianxia and Marfurt, Kurt J},
  journal={Journal of Geophysics and Engineering},
  volume={12},
  number={4},
  pages={577--586},
  year={2015},
  publisher={Oxford University Press}
}

@article{wang2015frequencies,
  title={Frequencies of the Ricker wavelet},
  author={Wang, Yanghua},
  journal={Geophysics},
  volume={80},
  number={2},
  pages={A31--A37},
  year={2015},
  publisher={Society of Exploration Geophysicists}
}

@article{morozov2015taxonomy,
  title={Taxonomy of Q},
  author={Morozov, Igor and Baharvand Ahmadi, Amin},
  journal={Geophysics},
  volume={80},
  number={1},
  pages={T41--T49},
  year={2015},
  publisher={Society of Exploration Geophysicists}
}

@article{navarro2017modelos,
  title={Modelos Viscoel{\'a}sticos Aplic{\'a}veis a Materiais Reais: uma Revis{\~a}o.},
  author={Navarro, Romulo Feitosa},
  journal={Revista Eletr{\^o}nica de Materiais e Processos},
  volume={12},
  number={1},
  year={2017}
}

@book{wang2009seismic,
  title={Seismic inverse Q filtering},
  author={Wang, Yanghua},
  year={2009},
  publisher={John Wiley \& Sons}
}

@book{yilmaz2001seismic,
  title={Seismic data analysis: Processing, inversion, and interpretation of seismic data},
  author={Yilmaz, {\"O}z},
  year={2001},
  publisher={Society of exploration geophysicists}
}

@article{stockwell2011course,
  title={A course in geophysical image processing with Seismic Unix},
  author={Stockwell, JW},
  journal={Center for Wave Phenomena},
  pages={194},
  year={2011}
}

@article{thomas19992d,
  title={2D Seismic data processing with Seismic Unix},
  author={Thomas, B},
  journal={Michigan Technological University},
  pages={206},
  year={1999}
}

@article{dasgupta1998estimation,
  title={Estimation of Q from surface seismic reflection data},
  author={Dasgupta, Rahul and Clark, Roger A},
  journal={Geophysics},
  volume={63},
  number={6},
  pages={2120--2128},
  year={1998},
  publisher={Society of Exploration Geophysicists}
}

@incollection{lei2016comparison,
  title={A comparison of methods for estimating Q},
  author={Lei*, Xiong and Morgan, Eugene},
  booktitle={SEG Technical Program Expanded Abstracts 2016},
  pages={3021--3025},
  year={2016},
  publisher={Society of Exploration Geophysicists}
}

@article{tonn1991determination,
  title={The Determination of the Seismic Quality Factor Q from Vsp Data: a Comparison of Different Computational METHODS1},
  author={Tonn, Rainer},
  journal={Geophysical Prospecting},
  volume={39},
  number={1},
  pages={1--27},
  year={1991},
  publisher={European Association of Geoscientists \& Engineers}
}

@inproceedings{wang2016q,
  title={Q estimation with improved frequency-shift method based on generalized seismic wavelet},
  author={Wang, Qian and Gao, Jinghuai and Li, Hui and Liu, Naihao and others},
  booktitle={2016 SEG International Exposition and Annual Meeting},
  year={2016},
  organization={Society of Exploration Geophysicists}
}

@book{aster2005parameter,
  title={Parameter estimation and inverse problems},
  author={Aster, Richard C and Borchers, Brian and Thurber, Clifford H},
  year={2005},
  publisher={Elsevier}
}

@article{rosa2010analise,
  title={An{\'a}lise do sinal s{\'\i}smico},
  author={Rosa, Andr{\'e} L Romanelli},
  journal={SBGF-Sociedade Brasileira de Geof{\'\i}sica, Rio de Janeiro, Brasil},
  year={2010}
}

@article{tarantola1984inversion,
  title={Inversion of seismic reflection data in the acoustic approximation},
  author={Tarantola, Albert},
  journal={Geophysics},
  volume={49},
  number={8},
  pages={1259--1266},
  year={1984},
  publisher={Society of Exploration Geophysicists}
}

@article{stork1992reflection,
  title={Reflection tomography in the postmigrated domain},
  author={Stork, Christof},
  journal={Geophysics},
  volume={57},
  number={5},
  pages={680--692},
  year={1992},
  publisher={Society of Exploration Geophysicists}
}

@article{alsadi2017seismic,
  title={Seismic Hydrocarbon Exploration},
  author={Alsadi, Hamid N},
  journal={2D and 3D Techniques, Seismic waves},
  year={2017},
  publisher={Springer}
}

@article{born1941attenuation,
  title={The attenuation constant of earth materials},
  author={Born, WT},
  journal={Geophysics},
  volume={6},
  number={2},
  pages={132--148},
  year={1941},
  publisher={Society of Exploration Geophysicists}
}

@book{aki2002quantitative,
  title={Quantitative seismology},
  author={Aki, Keiiti and Richards, Paul G},
  year={2002}
}

@article{rk2016comparision,
  title={Comparison of numerical methods: fourth-order Runge-Kutta and predictor-corrector},
  author={Sterza, Rafael de Lima and Brandi, Analice Costacurta},
  journal={Revista eletrônica paulista de matemática},
  year={2016}
}

@book{butcher2008numerical,
  title={Numerical methods for ordinary differential equations},
  author={Butcher, John Charles and Goodwin, Nicolette},
  volume={2},
  year={2008},
  publisher={Wiley Online Library}
}

@book{griffiths2010numerical,
  title={Numerical methods for ordinary differential equations: initial value problems},
  author={Griffiths, David F and Higham, Desmond J},
  year={2010},
  publisher={Springer Science \& Business Media}
}

@incollection{yoon2004challenges,
  title={Challenges in reverse-time migration},
  author={Yoon, Kwangjin and Marfurt, Kurt J and Starr, William},
  booktitle={SEG Technical Program Expanded Abstracts 2004},
  pages={1057--1060},
  year={2004},
  publisher={Society of Exploration Geophysicists}
}

@incollection{hu2011robust,
  title={A robust and accurate seismic attenuation tomography algorithm},
  author={Hu, Wenyi and Liu, Jonathan and Bear, Lorie and Marcinkovich, Carey},
  booktitle={SEG Technical Program Expanded Abstracts 2011},
  pages={2727--2731},
  year={2011},
  publisher={Society of Exploration Geophysicists}
}

@incollection{shen2015wave,
  title={Wave-equation based Q tomography from angle-domain common image gathers},
  author={Shen, Yi and Biondi, Biondo and Clapp, Robert},
  booktitle={SEG Technical Program Expanded Abstracts 2015},
  pages={4334--4338},
  year={2015},
  publisher={Society of Exploration Geophysicists}
}

@article{dutta2016wave,
  title={Wave-equation Q tomography},
  author={Dutta, Gaurav and Schuster, Gerard T},
  journal={Geophysics},
  volume={81},
  number={6},
  pages={R471--R484},
  year={2016},
  publisher={Society of Exploration Geophysicists}
}

@article{levin1984principle,
  title={Principle of reverse-time migration},
  author={Levin, Stewart A},
  journal={Geophysics},
  volume={49},
  number={5},
  pages={581--583},
  year={1984},
  publisher={Society of Exploration Geophysicists}
}

@article{virieux2009overview,
  title={An overview of full-waveform inversion in exploration geophysics},
  author={Virieux, Jean and Operto, St{\'e}phane},
  journal={Geophysics},
  volume={74},
  number={6},
  pages={WCC1--WCC26},
  year={2009},
  publisher={Society of Exploration Geophysicists}
}

@article{baysal1983reverse,
  title={Reverse time migration},
  author={Baysal, Edip and Kosloff, Dan D and Sherwood, John WC},
  journal={Geophysics},
  volume={48},
  number={11},
  pages={1514--1524},
  year={1983},
  publisher={Society of Exploration Geophysicists}
}

@article{zhu2014q,
  title={Q-compensated reverse-time migration},
  author={Zhu, Tieyuan and Harris, Jerry M and Biondi, Biondo},
  journal={Geophysics},
  volume={79},
  number={3},
  pages={S77--S87},
  year={2014},
  publisher={Society of Exploration Geophysicists}
}

@incollection{zhou2013fwi,
  title={FWI-guided Q tomography and Q-PSDM for imaging in the presence of complex gas clouds, a case study from offshore Malaysia},
  author={Zhou, Joe and Wu, Xiaodong and Teng, Keat Huat and Xie, Yi and Lefeuvre, Frederic and Anstey, Ian and Sirgue, Laurent},
  booktitle={SEG Technical Program Expanded Abstracts 2013},
  pages={4765--4769},
  year={2013},
  publisher={Society of Exploration Geophysicists}
}

@article{futterman1962dispersive,
  title={Dispersive body waves},
  author={Futterman, Walter I},
  journal={Journal of Geophysical research},
  volume={67},
  number={13},
  pages={5279--5291},
  year={1962},
  publisher={Wiley Online Library}
}

@article{slotnick1959lessons,
  title={Lessons in seismic computing},
  author={Slotnick, M},
  journal={Soc. Expl. Geophys},
  volume={268},
  year={1959}
}

@inproceedings{cavalca2009estimation,
  title={Estimation of the near-surface Q distribution from pre-stack surface seismic data},
  author={Cavalca, M and Fletcher, RP},
  booktitle={EAGE/SEG Research Workshop-Frequency Attenuation and Resolution of Seismic Data 2009},
  pages={cp--137},
  year={2009},
  organization={European Association of Geoscientists \& Engineers}
}

@incollection{cavalca2011ray,
  title={Ray-based tomography for Q estimation and Q compensation in complex media},
  author={Cavalca, Maud and Moore, Ian and Zhang, Ling and Ng, Swee Leng and Fletcher, Robin and Bayly, Martin},
  booktitle={SEG Technical Program Expanded Abstracts 2011},
  pages={3989--3993},
  year={2011},
  publisher={Society of Exploration Geophysicists}
}

@article{zhang2002estimation,
  title={Estimation of quality factors from CMP records},
  author={Zhang, Changjun and Ulrych, Tadeusz J},
  journal={Geophysics},
  volume={67},
  number={5},
  pages={1542--1547},
  year={2002},
  publisher={Society of Exploration Geophysicists}
}

@book{cerveny2005seismic,
  title={Seismic ray theory},
  author={Cerveny, Vlastislav},
  year={2005},
  publisher={Cambridge university press}
}

@article{nolet2008breviary,
  title={A breviary of seismic tomography},
  author={Nolet, Guust},
  journal={bst},
  year={2008}
}

@article{cerveny1985ray,
  title={Ray synthetic seismograms for complex two-dimensional and three-dimensional structures},
  author={Cerveny, V},
  journal={J. geophys},
  volume={58},
  number={2},
  pages={26},
  year={1985}
}

@article{andersen1982digital,
  title={Digital ray tracing in two-dimensional refractive fields},
  author={Andersen, AH and Kak, AC},
  journal={The journal of the Acoustical society of America},
  volume={72},
  number={5},
  pages={1593--1606},
  year={1982},
  publisher={Acoustical Society of America}
}

@article{asakawa1993seismic,
  title={Seismic Ray Tracing Using Linear Traveltime INTERPOLATION1},
  author={Asakawa, Eiichi and Kawanaka, Taku},
  journal={Geophysical prospecting},
  volume={41},
  number={1},
  pages={99--111},
  year={1993},
  publisher={European Association of Geoscientists \& Engineers}
}

@article{beydoun1987paraxial,
  title={The paraxial ray method},
  author={Beydoun, Wafik B and Keho, Timothy H},
  journal={Geophysics},
  volume={52},
  number={12},
  pages={1639--1653},
  year={1987},
  publisher={Society of Exploration Geophysicists}
}

@article{um1987fast,
  title={A fast algorithm for two-point seismic ray tracing},
  author={Um, Junho and Thurber, Clifford},
  journal={Bulletin of the Seismological Society of America},
  volume={77},
  number={3},
  pages={972--986},
  year={1987},
  publisher={The Seismological Society of America}
}

@article{spence1984practical,
  title={Practical synthetic seismograms for laterally varying media calculated by asymptotic ray theory},
  author={Spence, GD and Whittall, KP and Clowes, RM},
  journal={Bulletin of the Seismological Society of America},
  volume={74},
  number={4},
  pages={1209--1223},
  year={1984},
  publisher={The Seismological Society of America}
}

@article{de2015seismic,
  title={SEISMIC TRAVELTIME TOMOGRAPHY IN THE DOM JO{\~A}O FIELD, REC{\^O}NCAVO BASIN, BRAZIL},
  author={de Oliveira, Naiane Pereira and Bassrei, Amin},
  journal={Brazilian Journal of Geophysics},
  volume={33},
  number={1},
  pages={89--100},
  year={2015}
}

@article{wang1997sensitivities,
  title={Sensitivities of seismic traveltimes and amplitudes in reflection tomography},
  author={Wang, Yanghua and Pratt, R Gerhard},
  journal={Geophysical journal international},
  volume={131},
  number={3},
  pages={618--642},
  year={1997},
  publisher={Blackwell Publishing Ltd Oxford, UK}
}

@book{wang2003seismic,
  title={Seismic amplitude inversion in reflection tomography},
  author={Wang, Yanghua},
  year={2003},
  publisher={Elsevier}
}

@book{sheriff1995exploration,
  title={Exploration seismology},
  author={Sheriff, Robert E and Geldart, Lloyd P},
  year={1995},
  publisher={Cambridge university press}
}

@inproceedings{gamar2015automatic,
  title={Automatic Gas Pockets Detection by High-resolution Volumetric Q-tomography Using Accurate Frequency Peak Estimation},
  author={Gamar-Sadat, F and Guillaume, P and Pica, A and Pignot, G and Poggi, P and Henry-Baudot, A and Prescott, A and Gacha, A and Carotti, D and Prieux, V},
  booktitle={77th EAGE Conference and Exhibition 2015},
  volume={2015},
  number={1},
  pages={1--5},
  year={2015},
  organization={European Association of Geoscientists \& Engineers}
}

@inproceedings{jin2015improved,
  title={An improved Q tomography inversion and its application},
  author={Jin, ZiQi and Sun, Sam Zandong and Sun, XueKai and Wang, YongGang and Zheng, Duoming and others},
  booktitle={2015 SEG Annual Meeting},
  year={2015},
  organization={Society of Exploration Geophysicists}
}

@article{quan1997seismic,
  title={Seismic attenuation tomography using the frequency shift method},
  author={Quan, Youli and Harris, Jerry M},
  journal={Geophysics},
  volume={62},
  number={3},
  pages={895--905},
  year={1997},
  publisher={Society of Exploration Geophysicists}
}

@inproceedings{xin20093,
  title={3-D tomographic Q inversion for compensating frequency dependent attenuation and dispersion},
  author={Xin, Kefeng and Hung, Barry and others},
  booktitle={2009 SEG Annual Meeting},
  year={2009},
  organization={Society of Exploration Geophysicists}
}

@book{OpenACC,
    title = {Parallel programming with OpenACC},
    author = {Farber, Rob},
    year = {2017}
    publisher = {Todd Green},
}

@article{ricker1953form,
	title={The form and laws of propagation of seismic wavelets},
	author={Ricker, Norman},
	journal={Geophysics},
	volume={18},
	number={1},
	pages={10--40},
	year={1953},
	publisher={Society of Exploration Geophysicists}
}

@book{forel2005seismic,
	title={Seismic Data Processing with Seismic Un∗ x: A 2D Seismic Data Processing Primer},
	author={Forel, David and Benz, Thomas and Pennington, Wayne D},
	year={2005},
	publisher={Society of Exploration Geophysicists}
}

@article{stockwell2002new,
	title={The new SU user’s manual},
	author={Stockwell, JW and Cohen, Jack K},
	journal={Center for Wave Phenomena, Colorado School of Mines, Golden, USA},
	volume={3},
	year={2002}
}

@phdthesis{silva1995uso,
	title={Uso da migra{\c{c}}{\~a}o reversa no tempo para estimar velocidades e migrar “turning waves””},
	author={SILVA, RP},
	year={1995},
	school={Disserta{\c{c}}{\~a}o de Mestrado da Universidade Federal da Bahia, Salvador, Brasil}
}

@phdthesis{de1986migraccao,
	title={Migra{\c{c}}{\~a}o antes do empilhamento utilizando propaga{\c{c}}{\~a}o reversa no tempo},
	author={De Faria, E},
	year={1986},
	school={MS thesis, Universidade Federal da Bahia}
}

@incollection{yoon2004challenges,
	title={Challenges in reverse-time migration},
	author={Yoon, Kwangjin and Marfurt, Kurt J and Starr, William},
	booktitle={SEG Technical Program Expanded Abstracts 2004},
	pages={1057--1060},
	year={2004},
	publisher={Society of Exploration Geophysicists}
}

@article{levin1984principle,
	title={Principle of reverse-time migration},
	author={Levin, Stewart A},
	journal={Geophysics},
	volume={49},
	number={5},
	pages={581--583},
	year={1984},
	publisher={Society of Exploration Geophysicists}
}

@article{pica1990nonlinear,
	title={Nonlinear inversion of seismic reflection data in a laterally invariant medium},
	author={Pica, A and Diet, JP and Tarantola, A},
	journal={Geophysics},
	volume={55},
	number={3},
	pages={284--292},
	year={1990},
	publisher={Society of Exploration Geophysicists}
}

@article{baysal1983reverse,
	title={Reverse time migration},
	author={Baysal, Edip and Kosloff, Dan D and Sherwood, John WC},
	journal={Geophysics},
	volume={48},
	number={11},
	pages={1514--1524},
	year={1983},
	publisher={Society of Exploration Geophysicists}
}

@article{chattopadhyay2008imaging,
	title={Imaging conditions for prestack reverse-time migration},
	author={Chattopadhyay, Sandip and McMechan, George A},
	journal={Geophysics},
	volume={73},
	number={3},
	pages={S81--S89},
	year={2008},
	publisher={Society of Exploration Geophysicists}
}

@inproceedings{bording2004finite,
	title={Finite difference modeling-nearly optimal sponge boundary conditions},
	author={Bording, R Philip and others},
	booktitle={2004 SEG Annual Meeting},
	year={2004},
	organization={Society of Exploration Geophysicists}
}

@article{gao2017comparison,
	title={Comparison of artificial absorbing boundaries for acoustic wave equation modelling},
	author={Gao, Yingjie and Song, Hanjie and Zhang, Jinhai and Yao, Zhenxing},
	journal={Exploration Geophysics},
	volume={48},
	number={1},
	pages={76--93},
	year={2017},
	publisher={Taylor \& Francis}
}

@article{claerbout1971toward,
	title={Toward a unified theory of reflector mapping},
	author={Claerbout, Jon F},
	journal={Geophysics},
	volume={36},
	number={3},
	pages={467--481},
	year={1971},
	publisher={Society of Exploration Geophysicists}
}

@article{moczo2000stability,
	title={Stability and Grid Dispersion of the P-SV 4 th-Order Staggered-Grid Finite-Difference Schemes},
	author={Moczo, Peter and Kristek, Jozef and Bystrick{\`y}, Erik},
	journal={Studia Geophysica et Geodaetica},
	volume={44},
	number={3},
	pages={381--402},
	year={2000},
	publisher={Springer}
}

@article{gray2001seismic,
	title={Seismic migration problems and solutions},
	author={Gray, Samuel H and Etgen, John and Dellinger, Joe and Whitmore, Dan},
	journal={Geophysics},
	volume={66},
	number={5},
	pages={1622--1640},
	year={2001},
	publisher={Society of Exploration Geophysicists}
}

@article{graves1996simulating,
	title={Simulating seismic wave propagation in 3D elastic media using staggered-grid finite differences},
	author={Graves, Robert W},
	journal={Bulletin of the Seismological Society of America},
	volume={86},
	number={4},
	pages={1091--1106},
	year={1996},
	publisher={The Seismological Society of America}
}

@article{loewenthal1991high,
	title={High order finite difference modeling and reverse time migration},
	author={Loewenthal, D and Wang, CJ and Johnson, OG and Juhlin, C},
	journal={Exploration Geophysics},
	volume={22},
	number={3},
	pages={533--545},
	year={1991},
	publisher={CSIRO}
}

@book{kearey,
	title={An introduction to geophysical exploration},
	author={Kearey, Philip and Brooks, Michael and Hill, Ian},
	year={2013},
	publisher={John Wiley \& Sons}
}

@article{levander1988fourth,
	title={Fourth-order finite-difference P-SV seismograms},
	author={Levander, Alan R},
	journal={Geophysics},
	volume={53},
	number={11},
	pages={1425--1436},
	year={1988},
	publisher={Society of Exploration Geophysicists}
}

@article{leveque1998finite,
	title={Finite difference methods for differential equations},
	author={LeVeque, Randall J},
	journal={Draft version for use in AMath},
	volume={585},
	number={6},
	pages={112},
	year={1998}
}

@book{hayes1999schaum,
	title={Schaum's outline of theory and problems of digital signal processing},
	author={Hayes, Monson H},
	year={1999},
	publisher={Mc Graw Hill}
}

@article{gardner1974formation,
	title={Formation velocity and density—The diagnostic basics for stratigraphic traps},
	author={Gardner, GHF and Gardner, LW and Gregory, AR},
	journal={Geophysics},
	volume={39},
	number={6},
	pages={770--780},
	year={1974},
	publisher={Society of Exploration Geophysicists}
}

@article{cerjan1985nonreflecting,
	title={A nonreflecting boundary condition for discrete acoustic and elastic wave equations},
	author={Cerjan, Charles and Kosloff, Dan and Kosloff, Ronnie and Reshef, Moshe},
	journal={Geophysics},
	volume={50},
	number={4},
	pages={705--708},
	year={1985},
	publisher={Society of Exploration Geophysicists}
}

@article{virieux1986p,
	title={P-SV wave propagation in heterogeneous media: Velocity-stress finite-difference method},
	author={Virieux, Jean},
	journal={Geophysics},
	volume={51},
	number={4},
	pages={889--901},
	year={1986},
	publisher={Society of Exploration Geophysicists}
}

@article{bulcao2004modelagem,
	title={Modelagem e migra{\c{c}}{\~a}o reversa no tempo empregando operadores el{\'a}sticos e ac{\'u}sticos},
	author={Bulc{\~a}o, Andr{\'e}},
	journal={Universidade Federal do Rio de Janeiro, COPPE},
	year={2004}
}

@phdthesis{di2010modelagem,
	title={Modelagem sísmica anisotrópica através do método das diferenças finitas utilizando sistemas de equações em segunda ordem},
	author={Di Bartolo, L},
	year={2010},
	school={Ph. D. Thesis, COPPE/UFRJ, Rio de Janeiro, RJ, Brasil}
}

@book{courtney2005mechanical,
	title={Mechanical behavior of materials},
	author={Courtney, Thomas H},
	year={2005},
	publisher={Waveland Press}
}

@online{FDCC,
	author = {Cameron Taylor},
	title = {Finite Difference Coefficients Calculator},
	year = 2013,
	url = {http://web.media.mit.edu/~crtaylor/calculator.html},
	urldate = {2019-08-30}
}

@book{Claerbout1984,
	author = {Claerbout, Jon F.},
	booktitle = {Geophysical Journal of the Royal Astronomical Society},
	title = {{Imaging the Earth's Interior}},
	volume = {86},
	year = {1984}
}

@inproceedings{bai2013attenuation,
  title={Attenuation compensation in viscoacoustic reserve-time migration},
  author={Bai, Jianyong and Chen, Guoquan and Yingst, David and Leveille, Jacques and others},
  booktitle={2013 SEG Annual Meeting},
  year={2013},
  organization={Society of Exploration Geophysicists}
}

@article{guo2016comparison,
  title={Comparison of two viscoacoustic propagators for Q-compensated reverse time migration},
  author={Guo, Peng and McMechan, George A and Guan, Huimin},
  journal={Geophysics},
  volume={81},
  number={5},
  pages={S281--S297},
  year={2016},
  publisher={Society of Exploration Geophysicists}
}

@inproceedings{shen2015image,
  title={Image-based Q tomography using reverse time Q migration},
  author={Shen, Yi and Zhu, Tieyuan and others},
  booktitle={2015 SEG Annual Meeting},
  year={2015},
  organization={Society of Exploration Geophysicists}
}

@article{wang2004seismic,
  title={Seismic migration with inverse Q filtering},
  author={Wang, Yanghua and Guo, Jian},
  journal={Geophysical Research Letters},
  volume={31},
  number={21},
  year={2004},
  publisher={Wiley Online Library}
}

@article{wang2008inverse,
  title={Inverse-Q filtered migration},
  author={Wang, Yanghua},
  journal={Geophysics},
  volume={73},
  number={1},
  pages={S1--S6},
  year={2008},
  publisher={Society of Exploration Geophysicists}
}

@inproceedings{zhang2010compensating,
  title={Compensating for visco-acoustic effects in reverse-time migration},
  author={Zhang, Yu and Zhang, Po and Zhang, Houzhu and others},
  booktitle={2010 SEG Annual Meeting},
  year={2010},
  organization={Society of Exploration Geophysicists}
}

@inproceedings{zhang2010compensating,
  title={Compensating for visco-acoustic effects in reverse-time migration},
  author={Zhang, Yu and Zhang, Po and Zhang, Houzhu and others},
  booktitle={2010 SEG Annual Meeting},
  year={2010},
  organization={Society of Exploration Geophysicists}
}